<?xml version="1.0" encoding="UTF-8"?><collection xmlns="http://www.loc.gov/MARC21/slim"><record><leader>00533nam--2200193-i-4500</leader><controlfield tag="001">000047843</controlfield><controlfield tag="002">20161230</controlfield><controlfield tag="005">20161230201046</controlfield><controlfield tag="008">060222s1000------------r-----000-0-rus-d</controlfield><datafield ind1=" " ind2=" " tag="040"><subfield code="a">IFIN-HH</subfield></datafield><datafield ind1=" " ind2=" " tag="041"><subfield code="a">rus</subfield></datafield><datafield ind1=" " ind2=" " tag="080"><subfield code="a">539.144</subfield></datafield><datafield ind1="1" ind2=" " tag="100"><subfield code="a">Deliagin, I.I</subfield></datafield><datafield ind1="1" ind2="0" tag="245"><subfield code="a">Sverhtonkie vzaimodeistvia i iadernie izlucenia</subfield><subfield code="c">I.i. deliagin, b.a. komnissarova, l.n. kryukova</subfield></datafield><datafield ind1=" " ind2=" " tag="260"><subfield code="a">Moskva</subfield><subfield code="b">Mskovskogo Universiteta</subfield><subfield code="c">1985</subfield></datafield><datafield ind1=" " ind2=" " tag="300"><subfield code="a">239P</subfield></datafield><datafield ind1="1" ind2=" " tag="700"><subfield code="a">Kryukova, L.N</subfield></datafield><datafield ind1=" " ind2=" " tag="852"><subfield code="a">72781</subfield><subfield code="c">539.14</subfield></datafield><datafield ind1=" " ind2=" " tag="CAT"><subfield code="a">Sys</subfield><subfield code="c">20120404</subfield><subfield code="h">170628</subfield></datafield></record></collection>